@book{giancoli2014electriciteit,
  title={Electriciteit, magnetisme, optica en moderne fysica},
  author={Giancoli, Douglas C},
  year={2014},
  publisher={Pearson Education Benelux}
}

@book{impuls4
  title={Impuls 4,
  author={Balck, C, De Windt, D, Van Den Bossche, Johan, Van Impe, Marc, Van Peteghem, R, and Vermeyen, A},
  year={2005},
  publisher={Wolters Plantyn}
}
